#Get these entries through export from google scholar.

@article{anaya2016oncolnc,
  title={OncoLnc: linking TCGA survival data to mRNAs, miRNAs, and lncRNAs},
  author={Anaya, Jordan},
  journal={PeerJ Computer Science},
  volume={2},
  pages={e67},
  year={2016},
  publisher={PeerJ Inc.}
}
@article{uhlen2017pathology,
  title={A pathology atlas of the human cancer transcriptome},
  author={Uhlen, Mathias and Zhang, Cheng and Lee, Sunjae and Sj\"{o}stedt, Evelina and Fagerberg, Linn and Bidkhori, Gholamreza and Benfeitas, Rui and Arif, Muhammad and Liu, Zhengtao and Edfors, Fredrik and others},
  journal={Science},
  volume={357},
  number={6352},
  pages={eaan2507},
  year={2017},
  publisher={American Association for the Advancement of Science}
}
@article{khatri2012ten,
  title={Ten years of pathway analysis: current approaches and outstanding challenges},
  author={Khatri, Purvesh and Sirota, Marina and Butte, Atul J},
  journal={PLoS computational biology},
  volume={8},
  number={2},
  pages={e1002375},
  year={2012},
  publisher={Public Library of Science}
}
@article{tavazoie1999systematic,
  title={Systematic determination of genetic network architecture},
  author={Tavazoie, Saeed and Hughes, Jason D and Campbell, Michael J and Cho, Raymond J and Church, George M},
  journal={Nature genetics},
  volume={22},
  number={3},
  pages={281},
  year={1999},
  publisher={Nature Publishing Group}
}
@article{szklarczyk2014string,
  title={STRING v10: protein--protein interaction networks, integrated over the tree of life},
  author={Szklarczyk, Damian and Franceschini, Andrea and Wyder, Stefan and Forslund, Kristoffer and Heller, Davide and Huerta-Cepas, Jaime and Simonovic, Milan and Roth, Alexander and Santos, Alberto and Tsafou, Kalliopi P and others},
  journal={Nucleic acids research},
  volume={43},
  number={D1},
  pages={D447--D452},
  year={2014},
  publisher={Oxford University Press}
}
@article{subramanian2005gene,
  title={Gene set enrichment analysis: a knowledge-based approach for interpreting genome-wide expression profiles},
  author={Subramanian, Aravind and Tamayo, Pablo and Mootha, Vamsi K and Mukherjee, Sayan and Ebert, Benjamin L and Gillette, Michael A and Paulovich, Amanda and Pomeroy, Scott L and Golub, Todd R and Lander, Eric S and others},
  journal={Proceedings of the National Academy of Sciences},
  volume={102},
  number={43},
  pages={15545--15550},
  year={2005},
  publisher={National Acad Sciences}
}
@article{dennis2003david,
  title={{DAVID}: database for annotation, visualization, and integrated discovery},
  author={Dennis, Glynn and Sherman, Brad T and Hosack, Douglas A and Yang, Jun and Gao, Wei and Lane, H Clifford and Lempicki, Richard A},
  journal={Genome biology},
  volume={4},
  number={9},
  pages={R60},
  year={2003},
  publisher={BioMed Central}
}
@book{aalen2008survival,
  title={Survival and event history analysis: a process point of view},
  author={Aalen, Odd and Borgan, Ornulf and Gjessing, Hakon},
  year={2008},
  publisher={Springer Science \& Business Media}
}
@article{hochreiter2006new,
  title={A new summarization method for Affymetrix probe level data},
  author={Hochreiter, Sepp and Clevert, Djork-Arne and Obermayer, Klaus},
  journal={Bioinformatics},
  volume={22},
  number={8},
  pages={943--949},
  year={2006},
  publisher={Oxford University Press}
}
@article{fan2016characterizing,
  title={Characterizing transcriptional heterogeneity through pathway and gene set overdispersion analysis},
  author={Fan, Jean and Salathia, Neeraj and Liu, Rui and Kaeser, Gwendolyn E and Yung, Yun C and Herman, Joseph L and Kaper, Fiona and Fan, Jian-Bing and Zhang, Kun and Chun, Jerold and others},
  journal={Nature methods},
  volume={13},
  number={3},
  pages={241--244},
  year={2016},
  publisher={Nature Research}
}
@article{zhang2017covariation,
  title={Covariation of Peptide Abundances Accurately Reflects Protein Concentration Differences},
  author={Zhang, Bo and Pirmoradian, Mohammad and Zubarev, Roman and K\"{a}ll, Lukas},
  journal={Molecular \& Cellular Proteomics},
  volume={16},
  number={5},
  pages={936--948},
  year={2017},
  publisher={ASBMB}
}
@article{weinstein2013cancer,
  title={The cancer genome atlas pan-cancer analysis project},
  author={Weinstein, John N and Collisson, Eric A and Mills, Gordon B and Shaw, Kenna R Mills and Ozenberger, Brad A and Ellrott, Kyle and Shmulevich, Ilya and Sander, Chris and Stuart, Joshua M and Cancer Genome Atlas Research Network and others},
  journal={Nature genetics},
  volume={45},
  number={10},
  pages={1113},
  year={2013},
  publisher={Nature Publishing Group}
}
@article{joshi2005reactome,
  title={Reactome: a knowledgebase of biological pathways},
  author={Joshi-Tope, G and Gillespie, Marc and Vastrik, Imre and D'Eustachio, Peter and Schmidt, Esther and de Bono, Bernard and Jassal, Bijay and Gopinath, GR and Wu, GR and Matthews, Lisa and others},
  journal={Nucleic acids research},
  volume={33},
  number={suppl\_1},
  pages={D428--D432},
  year={2005},
  publisher={Oxford University Press}
}
@article{shojaie2010network,
  title={Network enrichment analysis in complex experiments},
  author={Shojaie, Ali and Michailidis, George},
  journal={Statistical applications in genetics and molecular biology},
  volume={9},
  number={1},
  year={2010},
  publisher={De Gruyter}
}
@article{alexeyenko2012network,
  title={Network enrichment analysis: extension of gene-set enrichment analysis to gene networks},
  author={Alexeyenko, Andrey and Lee, Woojoo and Pernemalm, Maria and Guegan, Justin and Dessen, Philippe and Lazar, Vladimir and Lehti{\"o}, Janne and Pawitan, Yudi},
  journal={{BMC} bioinformatics},
  volume={13},
  number={1},
  pages={226},
  year={2012},
  publisher={BioMed Central}
}
@article{glaab2012enrichnet,
  title={EnrichNet: network-based gene set enrichment analysis},
  author={Glaab, Enrico and Baudot, Ana{\"\i}s and Krasnogor, Natalio and Schneider, Reinhard and Valencia, Alfonso},
  journal={Bioinformatics},
  volume={28},
  number={18},
  pages={i451--i457},
  year={2012},
  publisher={Oxford University Press}
}
@article{mccormack2013statistical,
  title={Statistical assessment of crosstalk enrichment between gene groups in biological networks},
  author={McCormack, Theodore and Frings, Oliver and Alexeyenko, Andrey and Sonnhammer, Erik LL},
  journal={{PloS} one},
  volume={8},
  number={1},
  pages={e54945},
  year={2013},
  publisher={Public Library of Science}
}
@article{glaab2012enrichnet,
  title={EnrichNet: network-based gene set enrichment analysis},
  author={Glaab, Enrico and Baudot, Ana{\"\i}s and Krasnogor, Natalio and Schneider, Reinhard and Valencia, Alfonso},
  journal={Bioinformatics},
  volume={28},
  number={18},
  pages={i451--i457},
  year={2012},
  publisher={Oxford University Press}
}
@article{ogris2016novel,
  title={A novel method for crosstalk analysis of biological networks: improving accuracy of pathway annotation},
  author={Ogris, Christoph and Guala, Dimitri and Helleday, Thomas and Sonnhammer, Erik LL},
  journal={Nucleic acids research},
  volume={45},
  number={2},
  pages={e8--e8},
  year={2016},
  publisher={Oxford University Press}
}
@article{bader2006pathguide,
  title={Pathguide: a pathway resource list},
  author={Bader, Gary D and Cary, Michael P and Sander, Chris},
  journal={Nucleic acids research},
  volume={34},
  number={suppl\_1},
  pages={D504--D506},
  year={2006},
  publisher={Oxford University Press}
}
@article{signorelli2016neat,
  title={NEAT: an efficient network enrichment analysis test},
  author={Signorelli, Mirko and Vinciotti, Veronica and Wit, Ernst C},
  journal={BMC bioinformatics},
  volume={17},
  number={1},
  pages={352},
  year={2016},
  publisher={BioMed Central}
}
@article{lancaster1961significance,
  title={Significance tests in discrete distributions},
  author={Lancaster, H Oliver},
  journal={Journal of the American Statistical Association},
  volume={56},
  number={294},
  pages={223--234},
  year={1961},
  publisher={Taylor \& Francis Group}
}
@article{hwang2001optimality,
  title={An optimality theory for mid p--values In 2$\times$ 2 contingency tables},
  author={Hwang, JT Gene and Yang, Ming-Chung},
  journal={Statistica Sinica},
  pages={807--826},
  year={2001},
  publisher={JSTOR}
}
@article{newman2001random,
  title={Random graphs with arbitrary degree distributions and their applications},
  author={Newman, Mark EJ and Strogatz, Steven H and Watts, Duncan J},
  journal={Physical review E},
  volume={64},
  number={2},
  pages={026118},
  year={2001},
  publisher={APS}
}
@article{ogris2017funcoup,
  title={FunCoup 4: new species, data, and visualization},
  author={Ogris, Christoph and Guala, Dimitri and Kaduk, Mateusz and Sonnhammer, Erik LL},
  journal={Nucleic acids research},
  volume={46},
  number={D1},
  pages={D601--D607},
  year={2017},
  publisher={Oxford University Press}
}
@article{goeman2007analyzing,
  title={Analyzing gene expression data in terms of gene sets: methodological issues},
  author={Goeman, Jelle J and B\"{u}hlmann, Peter},
  journal={Bioinformatics},
  volume={23},
  number={8},
  pages={980--987},
  year={2007},
  publisher={Oxford University Press}
}
